@BOOK{book:intro-robotics,
  author = {R. Siegwart and I. Nourbakhsh and D. Scaramuzza},
  title = {Introduction to autonomous mobile robots},
  publisher = {The MIT Press},
  year = {2004},
  edition = {2},
}





@INPROCEEDINGS{literature:competitions:f1tenth,
  title = {{F1TENTH}: an open-source evaluation environment for continuous control and reinforcement learning},
  author = {O'Kelly, M. and Zheng, H. and Karthik, D. and Mangharam, R.},
  booktitle = {NeurIPS 2019 Competition and Demonstration Track},
  pages = {77--89},
  year = {2020},
  editor = {Escalante, H.J. and Hadsell, R.},
  volume = {123},
  series = {Proceedings of Machine Learning Research},
  url = {https://proceedings.mlr.press/v123/o-kelly20a.html},
}

@INPROCEEDINGS{literature:competitions:indy,
  author = {Wischnewski, A. and Geisslinger, M. and Betz, J. and Betz, T. and Fent, F. and Heilmeier, A. and Hermansdorfer, L. and Herrmann, T. and Huch, S. and Karle, P. and Nobis, F. and {\"O}gretmen, L. and Rowold, M. and Sauerbeck, F. and Stahl, T. and Trauth, R. and Lienkamp, M. and Lohmann, B.},
  editor = {Pfeffer, P.},
  title = {Indy autonomous challenge -- autonomous race cars at the handling limits},
  booktitle = {12th International Munich Chassis Symposium 2021},
  year = {2022},
  pages = {163--182},
  doi = {10.1007/978-3-662-64550-5_10},
}

%MISC{literature:competitions:formula-student,
%    title = {Formula {S}tudent ({FS})},
%    author = {Institution of Mechanical Engineers},
%    year = {2024},
%    note = {Last Accessed: 2024/01/21},
%    url = {https://www.imeche.org/events/formula-student},
%}

%MISC{literature:competitions:robocup,
%    title = {Robo{C}up Official Website},
%    author = {RoboCup Federation},
%    year = {},
%    note = {Last Accessed: 2024/01/21},
%    url = {https://www.robocup.org/},
%}

%MISC{literature:competitions:fnr,
%    title = {Festival Nacional de Rob\'{o}tica},
%    author = {SPR -- Sociedade Portuguesa de Rob\'{o}tica},
%    year = {2023},
%    note = {Last Accessed: 2024/01/23},
%    url = {https://www.festivalnacionalrobotica.pt/},
%}





@INPROCEEDINGS{literature:ratf:ribeiro-2017,
  author = {Ribeiro, T. and Garcia, I. and Pereira, D. and Ribeiro, J. and Lopes, G. and Ribeiro, A.F.},
  booktitle = {2017 IEEE International Conference on Autonomous Robot Systems and Competitions (ICARSC)}, 
  title = {Development of a prototype robot for transportation within industrial environments}, 
  year = {2017},
  volume = {},
  number = {},
  pages = {192--197},
  doi = {10.1109/ICARSC.2017.7964074},
}

@INPROCEEDINGS{literature:ratf:lima-2020,
  author = {Lima, J. and Oliveira, V. and Brito, T. and Gon√ßalves, J. and Pinto, V. and Costa, P. and Torrico, C.},
  booktitle = {2020 IEEE International Conference on Autonomous Robot Systems and Competitions (ICARSC)}, 
  title = {An industry 4.0 approach for the {R}obot@{F}actory {L}ite competition}, 
  year = {2020},
  volume = {},
  number = {},
  pages = {239--244},
  doi = {10.1109/ICARSC49921.2020.9096164},
}

@INPROCEEDINGS{literature:ratf:lima-2019,
  author = {Lima, J. and Costa, P. and Brito, T. and Piardi, L.},
  booktitle = {2019 IEEE International Conference on Autonomous Robot Systems and Competitions (ICARSC)}, 
  title = {Hardware-in-the-loop simulation approach for the {R}obot {A}t {F}actory {L}ite competition proposal}, 
  year = {2019},
  volume = {},
  number = {},
  pages = {1--6},
  doi = {10.1109/ICARSC.2019.8733649},
}

@INPROCEEDINGS{literature:ratf:pinto-2023,
  author = {Pinto, V. and Ribeiro, F. and Brito, T. and Pereira, A. and Lima, J. and Costa, P.},
  booktitle = {2023 IEEE International Conference on Autonomous Robot Systems and Competitions (ICARSC)}, 
  title = {FLOOR -- Forklift {L}aser {O}mnidirecti{O}nal {R}obot}, 
  year = {2023},
  volume = {},
  number = {},
  pages = {245--250},
  doi = {10.1109/ICARSC58346.2023.10129586},
}

@INPROCEEDINGS{literature:ratf:pinto-2023:perfect-match,
  author = {Lauer, M. and Lange, S. and Riedmiller, M.},
  editor = {Bredenfeld, A. and Jacoff, A. and Noda, I. and Takahashi, Y.},
  booktitle = {RoboCup 2005: Robot Soccer World Cup IX}, 
  title = {Calculating the {P}erfect {M}atch: an efficient and accurate approach for robot self-localization}, 
  year = {2006},
  volume = {},
  number = {},
  pages = {142--153},
  doi = {10.1007/11780519_13},
}

@INPROCEEDINGS{literature:ratf:braun-2024,
  author = {J. Braun and K. Beide and L. Bonzatto and G. Berger and M. Pinto and R. Kalbermatter and L. Klein and A. Pereira and P. Costa and J. Lima},
  editor = {Youssef, E.S.E. and Tokhi, M.O. and Silva, M.F. and Rincon, L.M.},
  title = {Design and development of an omnidirectional mecanum platform for the Robot{A}t{F}actory 4.0 competition},
  booktitle = {Synergetic Cooperation between Robots and Humans. CLAWAR 2023. Lecture Notes in Networks and Systems},
  year = {2024},
  volume = {811},
  number = {},
  pages = {63--74},
  doi = {},
}





@MISC{ratf:github-repo,
    title = {P33a/RobotAtFactory: RobotAtFactory Competition files},
    author = {P. Costa},
    year = {2021},
    note = {Last Accessed: 2024/01/31},
    url = {https://github.com/P33a/RobotAtFactory/},
}





@INPROCEEDINGS{5dpo:sousa-2021,
  author = {Sousa, R. and Costa, P. and Moreira, A.},
  booktitle = {2021 IEEE International Conference on Autonomous Robot Systems and Competitions (ICARSC)}, 
  title = {A pose control algorithm for omnidirectional robots}, 
  year = {2021},
  volume = {},
  number = {},
  pages = {91--96},
  doi = {10.1109/ICARSC52212.2021.9429803},
}

@ARTICLE{5dpo:sousa-2022,
  author = {Sousa, R. and Petry, M. and Costa, P. and Moreira, A.},
  journal = {Journal of Intelligent \& Robotic Systems}, 
  title = {Opti{O}dom: a generic approach for odometry calibration of wheeled mobile robots}, 
  year = {2022},
  volume = {105},
  number = {39},
  pages = {},
  doi = {10.1007/s10846-022-01630-3},
}





@INBOOK{dijkstra,
  author = {K. Mehlhorn and P. Sanders},
  title = {Shortest paths},
  booktitle = {Algorithms and data structures: the basic toolbox},
  year = {2008},
  publisher = {Springer Berlin Heidelberg},
  pages = {191--215},
  doi = {10.1007/978-3-540-77978-0_10},
}
